<?xml version="1.0" encoding="UTF-8"?><collection xmlns="http://www.loc.gov/MARC21/slim"><record><leader>00537nam--2200181-u-4500</leader><controlfield tag="001">000055816</controlfield><controlfield tag="002">20161230</controlfield><controlfield tag="005">20161230201052</controlfield><controlfield tag="008">130806s1000------------r-----000-0-eng-d</controlfield><datafield ind1=" " ind2=" " tag="040"><subfield code="a">IFIN-HH</subfield></datafield><datafield ind1=" " ind2=" " tag="080"><subfield code="a">681.3:518.5</subfield></datafield><datafield ind1="1" ind2=" " tag="100"><subfield code="a">Hadley, G</subfield></datafield><datafield ind1="1" ind2="0" tag="245"><subfield code="a">Linear programming</subfield><subfield code="c">G. hadley</subfield></datafield><datafield ind1=" " ind2=" " tag="260"><subfield code="a">Reading, Massachusetts</subfield><subfield code="b">Addison-wesley Publishing Company, Inc</subfield><subfield code="c">1962</subfield></datafield><datafield ind1=" " ind2=" " tag="300"><subfield code="a">XII+520P</subfield></datafield><datafield ind1=" " ind2=" " tag="490"><subfield code="a">Addison-wesley Series In Industrial Management Science And Economics</subfield></datafield><datafield ind1=" " ind2=" " tag="852"><subfield code="a">18299</subfield><subfield code="c">519.283</subfield></datafield><datafield ind1=" " ind2=" " tag="CAT"><subfield code="a">Sys</subfield><subfield code="c">20130807</subfield><subfield code="h">133514</subfield></datafield></record></collection>